<record><leader>00000cas a22000007a 4500</leader><controlfield tag="001">10848242</controlfield><controlfield tag="008">840615d18601876iauwr ne      0    0eng d</controlfield><datafield ind1=" " ind2=" " tag="010"><subfield code="a">sn 84027060 </subfield></datafield><datafield ind1=" " ind2=" " tag="040"><subfield code="a">NPU</subfield><subfield code="b">eng</subfield><subfield code="c">NPU</subfield><subfield code="d">NPX</subfield><subfield code="d">INP</subfield><subfield code="d">NVF</subfield><subfield code="d">OCL</subfield><subfield code="d">CRL</subfield><subfield code="d">OCLCQ</subfield><subfield code="d">OCLCF</subfield><subfield code="d">OCLCO</subfield></datafield><datafield ind1="1" ind2=" " tag="029"><subfield code="a">AU@</subfield><subfield code="b">000020231784</subfield></datafield><datafield ind1=" " ind2=" " tag="042"><subfield code="a">msc</subfield></datafield><datafield ind1=" " ind2=" " tag="043"><subfield code="a">n-us-ia</subfield></datafield><datafield ind1="0" ind2=" " tag="130"><subfield code="a">Burlington weekly hawk-eye (Burlington, Iowa : 1860)</subfield></datafield><datafield ind1="1" ind2="0" tag="245"><subfield code="a">Burlington weekly hawk-eye.</subfield></datafield><datafield ind1="3" ind2="0" tag="246"><subfield code="a">Burlington hawk-eye</subfield></datafield><datafield ind1="3" ind2="0" tag="246"><subfield code="a">Weekly hawk-eye</subfield></datafield><datafield ind1="3" ind2="0" tag="246"><subfield code="a">Weekly Burlington hawk-eye</subfield></datafield><datafield ind1=" " ind2=" " tag="260"><subfield code="a">Burlington [Iowa] :</subfield><subfield code="b">C. Dunham,</subfield><subfield code="c">1860-1876.</subfield></datafield><datafield ind1=" " ind2=" " tag="300"><subfield code="a">v. ;</subfield><subfield code="c">54-70 cm.</subfield></datafield><datafield ind1=" " ind2=" " tag="310"><subfield code="a">Weekly</subfield></datafield><datafield ind1="0" ind2=" " tag="362"><subfield code="a">Jan. 14, 1860-Mar. 23, 1876.</subfield></datafield><datafield ind1=" " ind2=" " tag="500"><subfield code="a">"Weekly" appears above title ornament, June 28, 1862-&lt;Dec. 31, 1874&gt;.</subfield></datafield><datafield ind1=" " ind2=" " tag="500"><subfield code="a">Publishers: C. Dunham, Jan. 14, 1860-Oct. 12, 1865; Edwards &amp; Beardsley, Oct. 13, 1865-Nov. 30, 1871; Hawkeye Printing, Dec. 2, 1871-Mar. 23, 1876.</subfield></datafield><datafield ind1=" " ind2=" " tag="500"><subfield code="a">"An independent Republican journal," Jan. 14, 1860.</subfield></datafield><datafield ind1=" " ind2=" " tag="530"><subfield code="a">Also issued on microfilm from UMI.</subfield></datafield><datafield ind1=" " ind2="0" tag="651"><subfield code="a">Burlington (Iowa)</subfield><subfield code="v">Newspapers.</subfield></datafield><datafield ind1=" " ind2="7" tag="655"><subfield code="a">Newspapers.</subfield><subfield code="2">fast</subfield><subfield code="0">(OCoLC)fst01423814</subfield></datafield><datafield ind1=" " ind2="7" tag="651"><subfield code="a">Iowa</subfield><subfield code="z">Burlington.</subfield><subfield code="2">fast</subfield><subfield code="0">(OCoLC)fst01216205</subfield></datafield><datafield ind1=" " ind2=" " tag="752"><subfield code="a">United States</subfield><subfield code="b">Iowa</subfield><subfield code="c">Des Moines</subfield><subfield code="d">Burlington.</subfield></datafield><datafield ind1="0" ind2=" " tag="775"><subfield code="t">Burlington daily hawk-eye (Burlington, Iowa : 1860)</subfield><subfield code="w">(DLC)sn 82014128</subfield></datafield><datafield ind1="0" ind2=" " tag="775"><subfield code="t">Semi-weekly hawk-eye</subfield><subfield code="w">(DLC)sn 82014127</subfield><subfield code="g">&lt;Feb. 23, 1861-Dec. 10, 1862&gt;</subfield></datafield><datafield ind1="0" ind2="0" tag="780"><subfield code="t">Weekly hawk-eye (Burlington, Iowa : 1858)</subfield><subfield code="w">(DLC)sn 85049908</subfield></datafield><datafield ind1="0" ind2="0" tag="785"><subfield code="t">Burlington hawk-eye (Burlington, Iowa : 1876)</subfield><subfield code="w">(DLC)sn 85049909</subfield></datafield></record>